
IEEEexample.bib 
V1.12 (2007/01/11)
Copyright (c) 2002-2007 by Michael Shell
See: http://www.michaelshell.org/
for current contact information.

This is an example BibTeX database for the official IEEEtran.bst
BibTeX style file.

Some entries call strings that are defined in the IEEEabrv.bib file.
Therefore, IEEEabrv.bib should be loaded prior to this file. 
Usage: 

\bibliographystyle{./IEEEtran}
\bibliography{./IEEEabrv,./IEEEexample}


Support sites:
http://www.michaelshell.org/tex/ieeetran/
http://www.ctan.org/tex-archive/macros/latex/contrib/IEEEtran/
and/or
http://www.ieee.org/

*************************************************************************
Legal Notice:
This code is offered as-is without any warranty either expressed or
implied; without even the implied warranty of MERCHANTABILITY or
FITNESS FOR A PARTICULAR PURPOSE! 
User assumes all risk.
In no event shall IEEE or any contributor to this code be liable for
any damages or losses, including, but not limited to, incidental,
consequential, or any other damages, resulting from the use or misuse
of any information contained here.

All comments are the opinions of their respective authors and are not
necessarily endorsed by the IEEE.

This work is distributed under the LaTeX Project Public License (LPPL)
( http://www.latex-project.org/ ) version 1.3, and may be freely used,
distributed and modified. A copy of the LPPL, version 1.3, is included
in the base LaTeX documentation of all distributions of LaTeX released
2003/12/01 or later.
Retain all contribution notices and credits.
** Modified files should be clearly indicated as such, including  **
** renaming them and changing author support contact information. **

File list of work: IEEEabrv.bib, IEEEfull.bib, IEEEexample.bib,
                   IEEEtran.bst, IEEEtranS.bst, IEEEtranSA.bst,
                   IEEEtranN.bst, IEEEtranSN.bst, IEEEtran_bst_HOWTO.pdf
*************************************************************************


Note that, because the example references were taken from actual IEEE
publications, these examples do not always contain the full amount
of information that may be desirable (for use with other BibTeX styles).
In particular, full names (not abbreviated with initials) should be
entered whenever possible as some (non-IEEE) bibliography styles use
full names. IEEEtran.bst will automatically abbreviate when it encounters
full names.
 
 
 
 
references for the IEEEtran.bst documentation
IEEEtran homepage

 
references for the IEEEtran.bst documentation
IEEEtran homepage
@Book{arpachiDusseau18:osbook,
  author =       {Arpaci-Dusseau, Remzi H. and Arpaci-Dusseau Andrea C.},
  title =        {Operating Systems: Three Easy Pieces},
  publisher =    {Arpaci-Dusseau Books, LLC},
  year =         2015,
  edition =      {1.00},
  note =         {\url{http://pages.cs.wisc.edu/~remzi/OSTEP/}}
}

@InProceedings{waldspurger02,
  author =       {Waldspurger, Carl A.},
  title =        {Memory resource management in {VMware ESX} server},
  booktitle =    {USENIX Symposium on Operating System Design and
                  Implementation (OSDI)},
  year =         2002,
  pages =        {181--194},
  note =         {\url{https://www.usenix.org/legacy/event/osdi02/tech/waldspurger/waldspurger.pdf}}
}

  
@inproceedings{DBLP:conf/vldb/Raz92,
author    = {Yoav Raz},
title     = {The Principle of Commitment Ordering, or Guaranteeing Serializability
             in a Heterogeneous Environment of Multiple Autonomous Resource Mangers
             Using Atomic Commitment},
booktitle = {18th International Conference on Very Large Data Bases, August 23-27,
             1992, Vancouver, Canada, Proceedings.},
pages     = {292--312},
year      = {1992},
crossref  = {DBLP:conf/vldb/92},

timestamp = {Wed, 29 Mar 2017 16:45:23 +0200},
biburl    = {https://dblp.org/rec/bib/conf/vldb/Raz92},
bibsource = {dblp computer science bibliography, https://dblp.org}
}
@proceedings{DBLP:conf/vldb/92,
editor    = {Li{-}Yan Yuan},
title     = {18th International Conference on Very Large Data Bases, August 23-27,
             1992, Vancouver, Canada, Proceedings},
publisher = {Morgan Kaufmann},
year      = {1992},
isbn      = {1-55860-151-1},
timestamp = {Wed, 29 Mar 2017 16:45:23 +0200},
biburl    = {https://dblp.org/rec/bib/conf/vldb/92},
bibsource = {dblp computer science bibliography, https://dblp.org}
}

@article{UnifyCR:journals/is/AlonsoVABASW94,
author    = {Gustavo Alonso and
             Radek Vingralek and
             Divyakant Agrawal and
             Yuri Breitbart and
             Amr {El Abbadi} and
             Hans{-}J{\"{o}}rg Schek and
             Gerhard Weikum},
title     = {Unifying Concurrency Control and Recovery of Transactions},
journal   = {Inf. Syst.},
volume    = {19},
number    = {1},
pages     = {101--115},
year      = {1994},

doi       = {10.1016/0306-4379(94)90029-9},
timestamp = {Sat, 20 May 2017 00:24:08 +0200},
biburl    = {https://dblp.org/rec/bib/journals/is/AlonsoVABASW94},
bibsource = {dblp computer science bibliography, https://dblp.org}
}

@inproceedings{Spanner:conf/osdi/CorbettDEFFFGGHHHKKLLMMNQRRSSTWW12,
author    = {James C. Corbett and
             Jeffrey Dean and
             Michael Epstein and
             Andrew Fikes and
             Christopher Frost and
             J. J. Furman and
             Sanjay Ghemawat and
             Andrey Gubarev and
             Christopher Heiser and
             Peter Hochschild and
             Wilson C. Hsieh and
             Sebastian Kanthak and
             Eugene Kogan and
             Hongyi Li and
             Alexander Lloyd and
             Sergey Melnik and
             David Mwaura and
             David Nagle and
             Sean Quinlan and
             Rajesh Rao and
             Lindsay Rolig and
             Yasushi Saito and
             Michal Szymaniak and
             Christopher Taylor and
             Ruth Wang and
             Dale Woodford},
title     = {Spanner: Google's Globally-Distributed Database},
booktitle = {10th {USENIX} Symposium on Operating Systems Design and Implementation,
             {OSDI} 2012, Hollywood, CA, USA, October 8-10, 2012},
pages     = {251--264},
year      = {2012},
crossref  = {DBLP:conf/osdi/2012},

timestamp = {Tue, 23 Oct 2018 06:33:51 +0200},
biburl    = {https://dblp.org/rec/bib/conf/osdi/CorbettDEFFFGGHHHKKLLMMNQRRSSTWW12},
bibsource = {dblp computer science bibliography, https://dblp.org}
}
@proceedings{DBLP:conf/osdi/2012,
editor    = {Chandu Thekkath and
             Amin Vahdat},
title     = {10th {USENIX} Symposium on Operating Systems Design and Implementation,
             {OSDI} 2012, Hollywood, CA, USA, October 8-10, 2012},
publisher = {{USENIX} Association},
year      = {2012},

isbn      = {978-1-931971-96-6},
timestamp = {Wed, 04 Jul 2018 13:06:35 +0200},
biburl    = {https://dblp.org/rec/bib/conf/osdi/2012},
bibsource = {dblp computer science bibliography, https://dblp.org}
}

@inproceedings{Spanner:conf/sigmod/BaconBBCDFFGJKL17,
author    = {David F. Bacon and
             Nathan Bales and
             Nicolas Bruno and
             Brian F. Cooper and
             Adam Dickinson and
             Andrew Fikes and
             Campbell Fraser and
             Andrey Gubarev and
             Milind Joshi and
             Eugene Kogan and
             Alexander Lloyd and
             Sergey Melnik and
             Rajesh Rao and
             David Shue and
             Christopher Taylor and
             Marcel van der Holst and
             Dale Woodford},
title     = {Spanner: Becoming a {SQL} System},
booktitle = {Proceedings of the 2017 {ACM} International Conference on Management
             of Data, {SIGMOD} Conference 2017, Chicago, IL, USA, May 14-19, 2017},
pages     = {331--343},
year      = {2017},
crossref  = {DBLP:conf/sigmod/2017},

doi       = {10.1145/3035918.3056103},
timestamp = {Tue, 06 Nov 2018 11:07:37 +0100},
biburl    = {https://dblp.org/rec/bib/conf/sigmod/BaconBBCDFFGJKL17},
bibsource = {dblp computer science bibliography, https://dblp.org}
}
@proceedings{DBLP:conf/sigmod/2017,
editor    = {Semih Salihoglu and
             Wenchao Zhou and
             Rada Chirkova and
             Jun Yang and
             Dan Suciu},
title     = {Proceedings of the 2017 {ACM} International Conference on Management
             of Data, {SIGMOD} Conference 2017, Chicago, IL, USA, May 14-19, 2017},
publisher = {{ACM}},
year      = {2017},

isbn      = {978-1-4503-4197-4},
timestamp = {Wed, 10 May 2017 22:12:12 +0200},
biburl    = {https://dblp.org/rec/bib/conf/sigmod/2017},
bibsource = {dblp computer science bibliography, https://dblp.org}
}


@inproceedings{Calvin:conf/sigmod/ThomsonDWRSA12,
author    = {Alexander Thomson and
             Thaddeus Diamond and
             Shu{-}Chun Weng and
             Kun Ren and
             Philip Shao and
             Daniel J. Abadi},
title     = {Calvin: fast distributed transactions for partitioned database systems},
booktitle = {Proceedings of the {ACM} {SIGMOD} International Conference on Management
             of Data, {SIGMOD} 2012, Scottsdale, AZ, USA, May 20-24, 2012},
pages     = {1--12},
year      = {2012},
crossref  = {DBLP:conf/sigmod/2012},

doi       = {10.1145/2213836.2213838},
timestamp = {Tue, 06 Nov 2018 11:07:39 +0100},
biburl    = {https://dblp.org/rec/bib/conf/sigmod/ThomsonDWRSA12},
bibsource = {dblp computer science bibliography, https://dblp.org}
}
@proceedings{DBLP:conf/sigmod/2012,
editor    = {K. Sel{\c{c}}uk Candan and
             Yi Chen and
             Richard T. Snodgrass and
             Luis Gravano and
             Ariel Fuxman},
title     = {Proceedings of the {ACM} {SIGMOD} International Conference on Management
             of Data, {SIGMOD} 2012, Scottsdale, AZ, USA, May 20-24, 2012},
publisher = {{ACM}},
year      = {2012},

isbn      = {978-1-4503-1247-9},
timestamp = {Thu, 20 Dec 2012 18:31:31 +0100},
biburl    = {https://dblp.org/rec/bib/conf/sigmod/2012},
bibsource = {dblp computer science bibliography, https://dblp.org}
}

@inproceedings{UnifyCR:conf/pods/SchekWY93,
author    = {Hans{-}J{\"{o}}rg Schek and
             Gerhard Weikum and
             Haiyan Ye},
title     = {Towards a Unified Theory of Concurrency Control and Recovery},
booktitle = {Proceedings of the Twelfth {ACM} {SIGACT-SIGMOD-SIGART} Symposium
             on Principles of Database Systems, May 25-28, 1993, Washington, DC,
             {USA}},
pages     = {300--311},
year      = {1993},
crossref  = {DBLP:conf/pods/93},

doi       = {10.1145/153850.153935},
timestamp = {Tue, 06 Nov 2018 16:58:02 +0100},
biburl    = {https://dblp.org/rec/bib/conf/pods/SchekWY93},
bibsource = {dblp computer science bibliography, https://dblp.org}
}
@proceedings{DBLP:conf/pods/93,
editor    = {Catriel Beeri},
title     = {Proceedings of the Twelfth {ACM} {SIGACT-SIGMOD-SIGART} Symposium
             on Principles of Database Systems, May 25-28, 1993, Washington, DC,
             {USA}},
publisher = {{ACM} Press},
year      = {1993},

isbn      = {0-89791-593-3},
timestamp = {Wed, 29 Mar 2017 16:45:24 +0200},
biburl    = {https://dblp.org/rec/bib/conf/pods/93},
bibsource = {dblp computer science bibliography, https://dblp.org}
}

@misc{CockroachDB,
 title = {CockroachDB},
 howpublished = {\url{https://www.cockroachlabs.com/}}
}

@misc{TiDB,
 title = {TiDB},
 howpublished = {\url{https://pingcap.com/en/}}
}

@misc{VoltDB,
 title = {VoltDB},
 howpublished = {\url{http://www.voltdb.com/}}
}


@misc{NuoDB,
 title = {NuoDB},
 howpublished = {\url{https://www.nuodb.com/}}
}

@misc{MySQL,
 title = {MySQL},
 howpublished = {\url{https://www.mysql.com/}}
}

@misc{Latency,
 title = {Latency},
 howpublished = {\url{https://gist.github.com/jboner/2841832}}
}


@misc{PostgreSQL,
 title = {PostgreSQL},
 howpublished = {\url{https://www.postgresql.org/}}
}


@inproceedings{MDCC:conf/eurosys/KraskaPFMF13,
  author    = {Tim Kraska and
               Gene Pang and
               Michael J. Franklin and
               Samuel Madden and
               Alan Fekete},
  editor    = {Zdenek Hanz{\'{a}}lek and
               Hermann H{\"{a}}rtig and
               Miguel Castro and
               M. Frans Kaashoek},
  title     = {{MDCC:} multi-data center consistency},
  booktitle = {Eighth Eurosys Conference 2013, EuroSys '13, Prague, Czech Republic,
               April 14-17, 2013},
  pages     = {113--126},
  publisher = {{ACM}},
  year      = {2013},
      timestamp = {Tue, 06 Nov 2018 16:58:31 +0100},
  biburl    = {https://dblp.org/rec/conf/eurosys/KraskaPFMF13.bib},
  bibsource = {dblp computer science bibliography, https://dblp.org}
}

@inproceedings{Megastore:conf/cidr/BakerBCFKLLLLY11,
  author    = {Jason Baker and
               Chris Bond and
               James C. Corbett and
               J. J. Furman and
               Andrey Khorlin and
               James Larson and
               Jean{-}Michel Leon and
               Yawei Li and
               Alexander Lloyd and
               Vadim Yushprakh},
  title     = {Megastore: Providing Scalable, Highly Available Storage for Interactive
               Services},
  booktitle = {{CIDR} 2011, Fifth Biennial Conference on Innovative Data Systems
               Research, Asilomar, CA, USA, January 9-12, 2011, Online Proceedings},
  pages     = {223--234},
  publisher = {www.cidrdb.org},
  year      = {2011},
    timestamp = {Thu, 12 Mar 2020 11:32:35 +0100},
  biburl    = {https://dblp.org/rec/conf/cidr/BakerBCFKLLLLY11.bib},
  bibsource = {dblp computer science bibliography, https://dblp.org}
}

@inproceedings{Janus:conf/osdi/MuNLL16,
  author    = {Shuai Mu and
               Lamont Nelson and
               Wyatt Lloyd and
               Jinyang Li},
  editor    = {Kimberly Keeton and
               Timothy Roscoe},
  title     = {Consolidating Concurrency Control and Consensus for Commits under
               Conflicts},
  booktitle = {12th {USENIX} Symposium on Operating Systems Design and Implementation,
               {OSDI} 2016, Savannah, GA, USA, November 2-4, 2016},
  pages     = {517--532},
  publisher = {{USENIX} Association},
  year      = {2016},
    timestamp = {Tue, 29 Jan 2019 17:35:36 +0100},
  biburl    = {https://dblp.org/rec/conf/osdi/MuNLL16.bib},
  bibsource = {dblp computer science bibliography, https://dblp.org}
}

@inproceedings{Aurora:conf/sigmod/VerbitskiGSCGBM18,
author    = {Alexandre Verbitski and
             Anurag Gupta and
             Debanjan Saha and
             James Corey and
             Kamal Gupta and
             Murali Brahmadesam and
             Raman Mittal and
             Sailesh Krishnamurthy and
             Sandor Maurice and
             Tengiz Kharatishvili and
             Xiaofeng Bao},
title     = {Amazon Aurora: On Avoiding Distributed Consensus for I/Os, Commits,
             and Membership Changes},
booktitle = {Proceedings of the 2018 International Conference on Management of
             Data, {SIGMOD} Conference 2018, Houston, TX, USA, June 10-15, 2018},
pages     = {789--796},
year      = {2018},
crossref  = {DBLP:conf/sigmod/2018},

doi       = {10.1145/3183713.3196937},
timestamp = {Wed, 21 Nov 2018 12:44:08 +0100},
biburl    = {https://dblp.org/rec/bib/conf/sigmod/VerbitskiGSCGBM18},
bibsource = {dblp computer science bibliography, https://dblp.org}
}
@proceedings{DBLP:conf/sigmod/2018,
editor    = {Gautam Das and
             Christopher M. Jermaine and
             Philip A. Bernstein},
title     = {Proceedings of the 2018 International Conference on Management of
             Data, {SIGMOD} Conference 2018, Houston, TX, USA, June 10-15, 2018},
publisher = {{ACM}},
year      = {2018},

doi       = {10.1145/3183713},
timestamp = {Wed, 21 Nov 2018 12:44:08 +0100},
biburl    = {https://dblp.org/rec/bib/conf/sigmod/2018},
bibsource = {dblp computer science bibliography, https://dblp.org}
}

@inproceedings{PS2PL:conf/icdt/Soisalon-SoininenY95,
author    = {Eljas Soisalon{-}Soininen and
             Tatu Yl{\"{o}}nen},
title     = {Partial Strictness in Two-Phase Locking},
booktitle = {Database Theory - ICDT'95, 5th International Conference, Prague, Czech
             Republic, January 11-13, 1995, Proceedings},
pages     = {139--147},
year      = {1995},
crossref  = {DBLP:conf/icdt/95},

doi       = {10.1007/3-540-58907-4\_12},
timestamp = {Tue, 14 May 2019 10:00:54 +0200},
biburl    = {https://dblp.org/rec/bib/conf/icdt/Soisalon-SoininenY95},
bibsource = {dblp computer science bibliography, https://dblp.org}
}
@proceedings{DBLP:conf/icdt/95,
editor    = {Georg Gottlob and
             Moshe Y. Vardi},
title     = {Database Theory - ICDT'95, 5th International Conference, Prague, Czech
             Republic, January 11-13, 1995, Proceedings},
series    = {Lecture Notes in Computer Science},
volume    = {893},
publisher = {Springer},
year      = {1995},

doi       = {10.1007/3-540-58907-4},
isbn      = {3-540-58907-4},
timestamp = {Tue, 14 May 2019 10:00:54 +0200},
biburl    = {https://dblp.org/rec/bib/conf/icdt/95},
bibsource = {dblp computer science bibliography, https://dblp.org}
}

@article{Aether:journals/pvldb/JohnsonPSAA10,
author    = {Ryan Johnson and
             Ippokratis Pandis and
             Radu Stoica and
             Manos Athanassoulis and
             Anastasia Ailamaki},
title     = {Aether: {A} Scalable Approach to Logging},
journal   = {{PVLDB}},
volume    = {3},
number    = {1},
pages     = {681--692},
year      = {2010},

doi       = {10.14778/1920841.1920928},
timestamp = {Tue, 02 Apr 2019 11:51:01 +0200},
biburl    = {https://dblp.org/rec/bib/journals/pvldb/JohnsonPSAA10},
bibsource = {dblp computer science bibliography, https://dblp.org}
}


@inproceedings{CLV:conf/sigmod/GraefeLKTV13,
author    = {Goetz Graefe and
             Mark Lillibridge and
             Harumi A. Kuno and
             Joseph Tucek and
             Alistair C. Veitch},
title     = {Controlled lock violation},
booktitle = {Proceedings of the {ACM} {SIGMOD} International Conference on Management
             of Data, {SIGMOD} 2013, New York, NY, USA, June 22-27, 2013},
pages     = {85--96},
year      = {2013},
crossref  = {DBLP:conf/sigmod/2013},

doi       = {10.1145/2463676.2465325},
timestamp = {Tue, 06 Nov 2018 11:07:39 +0100},
biburl    = {https://dblp.org/rec/bib/conf/sigmod/GraefeLKTV13},
bibsource = {dblp computer science bibliography, https://dblp.org}
}
@proceedings{DBLP:conf/sigmod/2013,
editor    = {Kenneth A. Ross and
             Divesh Srivastava and
             Dimitris Papadias},
title     = {Proceedings of the {ACM} {SIGMOD} International Conference on Management
             of Data, {SIGMOD} 2013, New York, NY, USA, June 22-27, 2013},
publisher = {{ACM}},
year      = {2013},

isbn      = {978-1-4503-2037-5},
timestamp = {Wed, 26 Jun 2013 08:41:29 +0200},
biburl    = {https://dblp.org/rec/bib/conf/sigmod/2013},
bibsource = {dblp computer science bibliography, https://dblp.org}
}

@inproceedings{EfficientLocking:conf/vldb/KimuraGK12,
author    = {Hideaki Kimura and
             Goetz Graefe and
             Harumi A. Kuno},
title     = {Efficient Locking Techniques for Databases on Modern Hardware},
booktitle = {International Workshop on Accelerating Data Management Systems Using
             Modern Processor and Storage Architectures - {ADMS} 2012, Istanbul,
             Turkey, August 27, 2012.},
pages     = {1--12},
year      = {2012},
crossref  = {DBLP:conf/vldb/2012adms},

timestamp = {Thu, 10 Oct 2013 20:22:25 +0200},
biburl    = {https://dblp.org/rec/bib/conf/vldb/KimuraGK12},
bibsource = {dblp computer science bibliography, https://dblp.org}
}
@proceedings{DBLP:conf/vldb/2012adms,
editor    = {Rajesh Bordawekar and
             Christian A. Lang},
title     = {International Workshop on Accelerating Data Management Systems Using
             Modern Processor and Storage Architectures - {ADMS} 2012, Istanbul,
             Turkey, August 27, 2012},
year      = {2012},

timestamp = {Tue, 01 Oct 2013 19:24:22 +0200},
biburl    = {https://dblp.org/rec/bib/conf/vldb/2012adms},
bibsource = {dblp computer science bibliography, https://dblp.org}
}


@article{SpeculativeLocking:journals/tkde/ReddyK04,
author    = {P. Krishna Reddy and
             Masaru Kitsuregawa},
title     = {Speculative Locking Protocols to Improve Performance for Distributed
             Database System},
journal   = {{IEEE} Trans. Knowl. Data Eng.},
volume    = {16},
number    = {2},
pages     = {154--169},
year      = {2004},

doi       = {10.1109/TKDE.2004.1269595},
timestamp = {Sat, 20 May 2017 00:24:22 +0200},
biburl    = {https://dblp.org/rec/bib/journals/tkde/ReddyK04},
bibsource = {dblp computer science bibliography, https://dblp.org}
}

@article{HeckatonMVCC:journals/pvldb/LarsonBDFPZ11,
author    = {Per{-}{\AA}ke Larson and
             Spyros Blanas and
             Cristian Diaconu and
             Craig Freedman and
             Jignesh M. Patel and
             Mike Zwilling},
title     = {High-Performance Concurrency Control Mechanisms for Main-Memory Databases},
journal   = {{PVLDB}},
volume    = {5},
number    = {4},
pages     = {298--309},
year      = {2011},

doi       = {10.14778/2095686.2095689},
timestamp = {Thu, 16 Aug 2018 11:33:42 +0200},
biburl    = {https://dblp.org/rec/bib/journals/pvldb/LarsonBDFPZ11},
bibsource = {dblp computer science bibliography, https://dblp.org}
}


@inproceedings{LowOverheadCC:conf/sigmod/JonesAM10,
author    = {Evan P. C. Jones and
             Daniel J. Abadi and
             Samuel Madden},
title     = {Low Overhead Concurrency Control for Partitioned Main Memory databases},
booktitle = {Proceedings of the {ACM} {SIGMOD} International Conference on Management
             of Data, {SIGMOD} 2010, Indianapolis, Indiana, USA, June 6-10, 2010},
pages     = {603--614},
year      = {2010},
crossref  = {DBLP:conf/sigmod/2010},

doi       = {10.1145/1807167.1807233},
timestamp = {Tue, 06 Nov 2018 11:07:37 +0100},
biburl    = {https://dblp.org/rec/bib/conf/sigmod/JonesAM10},
bibsource = {dblp computer science bibliography, https://dblp.org}
}
@proceedings{DBLP:conf/sigmod/2010,
editor    = {Ahmed K. Elmagarmid and
             Divyakant Agrawal},
title     = {Proceedings of the {ACM} {SIGMOD} International Conference on Management
             of Data, {SIGMOD} 2010, Indianapolis, Indiana, USA, June 6-10, 2010},
publisher = {{ACM}},
year      = {2010},
isbn      = {978-1-4503-0032-2},
timestamp = {Mon, 07 Jun 2010 07:19:36 +0200},
biburl    = {https://dblp.org/rec/bib/conf/sigmod/2010},
bibsource = {dblp computer science bibliography, https://dblp.org}
}


@inproceedings{Raft:conf/usenix/OngaroO14,
author    = {Diego Ongaro and
             John K. Ousterhout},
title     = {In Search of an Understandable Consensus Algorithm},
booktitle = {2014 {USENIX} Annual Technical Conference, {USENIX} {ATC} '14, Philadelphia,
             PA, USA, June 19-20, 2014.},
pages     = {305--319},
year      = {2014},
crossref  = {DBLP:conf/usenix/2014},

timestamp = {Wed, 10 Sep 2014 16:46:28 +0200},
biburl    = {https://dblp.org/rec/bib/conf/usenix/OngaroO14},
bibsource = {dblp computer science bibliography, https://dblp.org}
}
@proceedings{DBLP:conf/usenix/2014,
editor    = {Garth Gibson and
             Nickolai Zeldovich},
title     = {2014 {USENIX} Annual Technical Conference, {USENIX} {ATC} '14, Philadelphia,
             PA, USA, June 19-20, 2014},
publisher = {{USENIX} Association},
year      = {2014},

timestamp = {Wed, 10 Sep 2014 16:41:04 +0200},
biburl    = {https://dblp.org/rec/bib/conf/usenix/2014},
bibsource = {dblp computer science bibliography, https://dblp.org}
}


@article{Paxos:journals/tocs/Lamport98,
author    = {Leslie Lamport},
title     = {The Part-Time Parliament},
journal   = {{ACM} Trans. Comput. Syst.},
volume    = {16},
number    = {2},
pages     = {133--169},
year      = {1998},

doi       = {10.1145/279227.279229},
timestamp = {Wed, 14 Nov 2018 10:49:57 +0100},
biburl    = {https://dblp.org/rec/bib/journals/tocs/Lamport98},
bibsource = {dblp computer science bibliography, https://dblp.org}
}

@inproceedings{PaxosSimple:conf/opodis/Lamport02,
author    = {Leslie Lamport},
title     = {Paxos Made Simple, Fast, and Byzantine},
booktitle = {Procedings of the 6th International Conference on Principles of Distributed
             Systems. {OPODIS} 2002, Reims, France, December 11-13, 2002},
pages     = {7--9},
year      = {2002},
crossref  = {DBLP:conf/opodis/2002},
timestamp = {Tue, 20 Jan 2004 14:15:23 +0100},
biburl    = {https://dblp.org/rec/bib/conf/opodis/Lamport02},
bibsource = {dblp computer science bibliography, https://dblp.org}
}

@proceedings{DBLP:conf/opodis/2002,
editor    = {Alain Bui and
             Hac{\`{e}}ne Fouchal},
title     = {Procedings of the 6th International Conference on Principles of Distributed
             Systems. {OPODIS} 2002, Reims, France, December 11-13, 2002},
series    = {Studia Informatica Universalis},
volume    = {3},
publisher = {Suger, Saint-Denis, rue Catulienne, France},
year      = {2002},
isbn      = {2-912590-26-4},
timestamp = {Tue, 20 Jan 2004 14:15:23 +0100},
biburl    = {https://dblp.org/rec/bib/conf/opodis/2002},
bibsource = {dblp computer science bibliography, https://dblp.org}
}

@inproceedings{Tapir:conf/sosp/ZhangSSKP15,
author    = {Irene Zhang and
             Naveen Kr. Sharma and
             Adriana Szekeres and
             Arvind Krishnamurthy and
             Dan R. K. Ports},
title     = {Building Consistent Transactions with Inconsistent Replication},
booktitle = {Proceedings of the 25th Symposium on Operating Systems Principles,
             {SOSP} 2015, Monterey, CA, USA, October 4-7, 2015},
pages     = {263--278},
year      = {2015},
crossref  = {DBLP:conf/sosp/2015},

doi       = {10.1145/2815400.2815404},
timestamp = {Tue, 06 Nov 2018 16:59:31 +0100},
biburl    = {https://dblp.org/rec/bib/conf/sosp/ZhangSSKP15},
bibsource = {dblp computer science bibliography, https://dblp.org}
}


@proceedings{DBLP:conf/sosp/2015,
editor    = {Ethan L. Miller and
             Steven Hand},
title     = {Proceedings of the 25th Symposium on Operating Systems Principles,
             {SOSP} 2015, Monterey, CA, USA, October 4-7, 2015},
publisher = {{ACM}},
year      = {2015},

isbn      = {978-1-4503-3834-9},
timestamp = {Fri, 02 Oct 2015 08:56:57 +0200},
biburl    = {https://dblp.org/rec/bib/conf/sosp/2015},
bibsource = {dblp computer science bibliography, https://dblp.org}
}

@article{Multidecree:journals/csur/RenesseA15,
author    = {Robbert van Renesse and
             Deniz Altinbuken},
title     = {Paxos Made Moderately Complex},
journal   = {{ACM} Comput. Surv.},
volume    = {47},
number    = {3},
pages     = {42:1--42:36},
year      = {2015},

doi       = {10.1145/2673577},
timestamp = {Fri, 26 May 2017 22:54:59 +0200},
biburl    = {https://dblp.org/rec/bib/journals/csur/RenesseA15},
bibsource = {dblp computer science bibliography, https://dblp.org}
}

@article{H-store:journals/pvldb/KallmanKNPRZJMSZHA08,
author    = {Robert Kallman and
             Hideaki Kimura and
             Jonathan Natkins and
             Andrew Pavlo and
             Alex Rasin and
             Stanley B. Zdonik and
             Evan P. C. Jones and
             Samuel Madden and
             Michael Stonebraker and
             Yang Zhang and
             John Hugg and
             Daniel J. Abadi},
title     = {H-store: a high-performance, distributed main memory transaction processing
             system},
journal   = {{PVLDB}},
volume    = {1},
number    = {2},
pages     = {1496--1499},
year      = {2008},

doi       = {10.14778/1454159.1454211},
timestamp = {Thu, 16 Aug 2018 11:33:43 +0200},
biburl    = {https://dblp.org/rec/bib/journals/pvldb/KallmanKNPRZJMSZHA08},
bibsource = {dblp computer science bibliography, https://dblp.org}
}


@inproceedings{ELR:dewitt_implementation_1984,
address = {Boston, Massachusetts},
title = {Implementation techniques for main memory database systems},
isbn = {9780897911283},

doi = {10.1145/602259.602261},
language = {en},

booktitle = {Proceedings of the 1984 {ACM} {SIGMOD} international conference on {Management} of data  - {SIGMOD} '84},
publisher = {ACM Press},
author = {DeWitt, David J and Katz, Randy H and Olken, Frank and Shapiro, Leonard D and Stonebraker, Michael R and Wood, David},
year = {1984},
pages = {1}
}

@inproceedings{Actor-Oriented-DB:conf/icde/Bernstein18,
author    = {Philip A. Bernstein},
title     = {Actor-Oriented Database Systems},
booktitle = {34th {IEEE} International Conference on Data Engineering, {ICDE} 2018,
             Paris, France, April 16-19, 2018},
pages     = {13--14},
year      = {2018},
crossref  = {DBLP:conf/icde/2018},

doi       = {10.1109/ICDE.2018.00010},
timestamp = {Tue, 20 Nov 2018 10:20:00 +0100},
biburl    = {https://dblp.org/rec/bib/conf/icde/Bernstein18},
bibsource = {dblp computer science bibliography, https://dblp.org}
}

@proceedings{DBLP:conf/icde/2018,
title     = {34th {IEEE} International Conference on Data Engineering, {ICDE} 2018,
             Paris, France, April 16-19, 2018},
publisher = {{IEEE} Computer Society},
year      = {2018},

isbn      = {978-1-5386-5520-7},
timestamp = {Mon, 19 Nov 2018 16:44:40 +0100},
biburl    = {https://dblp.org/rec/bib/conf/icde/2018},
bibsource = {dblp computer science bibliography, https://dblp.org}
}

@inproceedings{ShoreMT:johnson_shore-mt:_2009,
address = {Saint Petersburg, Russia},
title = {Shore-{MT}: a scalable storage manager for the multicore era},
isbn = {9781605584225},
shorttitle = {Shore-{MT}},

doi = {10.1145/1516360.1516365},
language = {en},

booktitle = {Proceedings of the 12th {International} {Conference} on {Extending} {Database} {Technology} {Advances} in {Database} {Technology} - {EDBT} '09},
publisher = {ACM Press},
author = {Johnson, Ryan and Pandis, Ippokratis and Hardavellas, Nikos and Ailamaki, Anastasia and Falsafi, Babak},
year = {2009},
pages = {24}
}

@inproceedings{HLC:conf/opodis/KulkarniDMAL14,
author    = {Sandeep S. Kulkarni and
             Murat Demirbas and
             Deepak Madappa and
             Bharadwaj Avva and
             Marcelo Leone},
title     = {Logical Physical Clocks},
booktitle = {Principles of Distributed Systems - 18th International Conference,
             {OPODIS} 2014, Cortina d'Ampezzo, Italy, December 16-19, 2014. Proceedings},
pages     = {17--32},
year      = {2014},
crossref  = {DBLP:conf/opodis/2014},

doi       = {10.1007/978-3-319-14472-6\_2},
timestamp = {Tue, 14 May 2019 10:00:52 +0200},
biburl    = {https://dblp.org/rec/bib/conf/opodis/KulkarniDMAL14},
bibsource = {dblp computer science bibliography, https://dblp.org}
}

@proceedings{DBLP:conf/opodis/2014,
editor    = {Marcos K. Aguilera and
             Leonardo Querzoni and
             Marc Shapiro},
title     = {Principles of Distributed Systems - 18th International Conference,
             {OPODIS} 2014, Cortina d'Ampezzo, Italy, December 16-19, 2014. Proceedings},
series    = {Lecture Notes in Computer Science},
volume    = {8878},
publisher = {Springer},
year      = {2014},

doi       = {10.1007/978-3-319-14472-6},
isbn      = {978-3-319-14471-9},
timestamp = {Tue, 14 May 2019 10:00:52 +0200},
biburl    = {https://dblp.org/rec/bib/conf/opodis/2014},
bibsource = {dblp computer science bibliography, https://dblp.org}
}

@inproceedings{PostSI:conf/icde/ZhouZYT17,
author    = {Xuan Zhou and
             Xin Zhou and
             Zhengtai Yu and
             Kian{-}Lee Tan},
title     = {Posterior Snapshot Isolation},
booktitle = {33rd {IEEE} International Conference on Data Engineering, {ICDE} 2017,
             San Diego, CA, USA, April 19-22, 2017},
pages     = {797--808},
year      = {2017},
crossref  = {DBLP:conf/icde/2017},

doi       = {10.1109/ICDE.2017.130},
timestamp = {Tue, 29 May 2018 16:11:42 +0200},
biburl    = {https://dblp.org/rec/bib/conf/icde/ZhouZYT17},
bibsource = {dblp computer science bibliography, https://dblp.org}
}

@proceedings{DBLP:conf/icde/2017,
title     = {33rd {IEEE} International Conference on Data Engineering, {ICDE} 2017,
             San Diego, CA, USA, April 19-22, 2017},
publisher = {{IEEE} Computer Society},
year      = {2017},

isbn      = {978-1-5090-6543-1},
timestamp = {Wed, 24 May 2017 10:53:05 +0200},
biburl    = {https://dblp.org/rec/bib/conf/icde/2017},
bibsource = {dblp computer science bibliography, https://dblp.org}
}

@article{ARIES:journals/tods/MohanHLPS92,
author    = {C. Mohan and
             Don Haderle and
             Bruce G. Lindsay and
             Hamid Pirahesh and
             Peter M. Schwarz},
title     = {{ARIES:} {A} Transaction Recovery Method Supporting Fine-Granularity
             Locking and Partial Rollbacks Using Write-Ahead Logging},
journal   = {{ACM} Trans. Database Syst.},
volume    = {17},
number    = {1},
pages     = {94--162},
year      = {1992},

doi       = {10.1145/128765.128770},
timestamp = {Wed, 29 May 2019 10:39:45 +0200},
biburl    = {https://dblp.org/rec/bib/journals/tods/MohanHLPS92},
bibsource = {dblp computer science bibliography, https://dblp.org}
}

@article{SSI:journals/tods/FeketeLOOS05,
author    = {Alan Fekete and
             Dimitrios Liarokapis and
             Elizabeth J. O'Neil and
             Patrick E. O'Neil and
             Dennis E. Shasha},
title     = {Making snapshot isolation serializable},
journal   = {{ACM} Trans. Database Syst.},
volume    = {30},
number    = {2},
pages     = {492--528},
year      = {2005},

doi       = {10.1145/1071610.1071615},
timestamp = {Tue, 06 Nov 2018 12:51:48 +0100},
biburl    = {https://dblp.org/rec/bib/journals/tods/FeketeLOOS05},
bibsource = {dblp computer science bibliography, https://dblp.org}
}

@article{MOCC:journals/pvldb/WangK16,
  author    = {Tianzheng Wang and
               Hideaki Kimura},
  title     = {Mostly-Optimistic Concurrency Control for Highly Contended Dynamic
               Workloads on a Thousand Cores},
  journal   = {{PVLDB}},
  volume    = {10},
  number    = {2},
  pages     = {49--60},
  year      = {2016},
      timestamp = {Thu, 16 Aug 2018 11:33:43 +0200},
  biburl    = {https://dblp.org/rec/journals/pvldb/WangK16.bib},
  bibsource = {dblp computer science bibliography, https://dblp.org}
}

@inproceedings{DBLP:conf/usenix/TangE18,
  author    = {Dixin Tang and
               Aaron J. Elmore},
  editor    = {Haryadi S. Gunawi and
               Benjamin Reed},
  title     = {Toward Coordination-free and Reconfigurable Mixed Concurrency Control},
  booktitle = {2018 {USENIX} Annual Technical Conference, {USENIX} {ATC} 2018, Boston,
               MA, USA, July 11-13, 2018},
  pages     = {809--822},
  publisher = {{USENIX} Association},
  year      = {2018},
    timestamp = {Mon, 16 Jul 2018 15:48:02 +0200},
  biburl    = {https://dblp.org/rec/conf/usenix/TangE18.bib},
  bibsource = {dblp computer science bibliography, https://dblp.org}
}

@inproceedings{HSync:conf/sigmod/ShangLYZC16,
  author    = {Zechao Shang and
               Feifei Li and
               Jeffrey Xu Yu and
               Zhiwei Zhang and
               Hong Cheng},
  editor    = {Fatma {\"{O}}zcan and
               Georgia Koutrika and
               Sam Madden},
  title     = {Graph Analytics Through Fine-Grained Parallelism},
  booktitle = {Proceedings of the 2016 International Conference on Management of
               Data, {SIGMOD} Conference 2016, San Francisco, CA, USA, June 26 -
               July 01, 2016},
  pages     = {463--478},
  publisher = {{ACM}},
  year      = {2016},
      timestamp = {Wed, 14 Nov 2018 10:56:20 +0100},
  biburl    = {https://dblp.org/rec/conf/sigmod/ShangLYZC16.bib},
  bibsource = {dblp computer science bibliography, https://dblp.org}
}

@inproceedings{CormCC:conf/usenix/TangE18,
  author    = {Dixin Tang and
               Aaron J. Elmore},
  editor    = {Haryadi S. Gunawi and
               Benjamin Reed},
  title     = {Toward Coordination-free and Reconfigurable Mixed Concurrency Control},
  booktitle = {2018 {USENIX} Annual Technical Conference, {USENIX} {ATC} 2018, Boston,
               MA, USA, July 11-13, 2018},
  pages     = {809--822},
  publisher = {{USENIX} Association},
  year      = {2018},
    timestamp = {Mon, 16 Jul 2018 15:48:02 +0200},
  biburl    = {https://dblp.org/rec/conf/usenix/TangE18.bib},
  bibsource = {dblp computer science bibliography, https://dblp.org}
}

@inproceedings{PerformanceOfCC:conf/vldb/CareyS84,
  author    = {Michael J. Carey and
               Michael Stonebraker},
  editor    = {Umeshwar Dayal and
               Gunter Schlageter and
               Lim Huat Seng},
  title     = {The Performance of Concurrency Control Algorithms for Database Management
               Systems},
  booktitle = {Tenth International Conference on Very Large Data Bases, August 27-31,
               1984, Singapore, Proceedings},
  pages     = {107--118},
  publisher = {Morgan Kaufmann},
  year      = {1984},
    timestamp = {Tue, 07 Nov 2017 06:51:45 +0100},
  biburl    = {https://dblp.org/rec/conf/vldb/CareyS84.bib},
  bibsource = {dblp computer science bibliography, https://dblp.org}
}


@article{EvaluationCC1000Cores:journals/pvldb/YuBPDS14,
  author    = {Xiangyao Yu and
               George Bezerra and
               Andrew Pavlo and
               Srinivas Devadas and
               Michael Stonebraker},
  title     = {Staring into the Abyss: An Evaluation of Concurrency Control with One Thousand Cores},
  journal   = {Proc. {VLDB} Endow.},
  volume    = {8},
  number    = {3},
  pages     = {209--220},
  year      = {2014},
      timestamp = {Sat, 25 Apr 2020 13:59:28 +0200},
  biburl    = {https://dblp.org/rec/journals/pvldb/YuBPDS14.bib},
  bibsource = {dblp computer science bibliography, https://dblp.org}
}


@article{EvaluationOfCC:journals/pvldb/HardingAPS17,
  author    = {Rachael Harding and
               Dana Van Aken and
               Andrew Pavlo and
               Michael Stonebraker},
  title     = {An Evaluation of Distributed Concurrency Control},
  journal   = {Proc. {VLDB} Endow.},
  volume    = {10},
  number    = {5},
  pages     = {553--564},
  year      = {2017},
      timestamp = {Sat, 25 Apr 2020 13:59:25 +0200},
  biburl    = {https://dblp.org/rec/journals/pvldb/HardingAPS17.bib},
  bibsource = {dblp computer science bibliography, https://dblp.org}
}


@inproceedings{LockCC:conf/ds/GrayLPT76,
  author    = {Jim Gray and
               Raymond A. Lorie and
               Gianfranco R. Putzolu and
               Irving L. Traiger},
  editor    = {G. M. Nijssen},
  title     = {Granularity of Locks and Degrees of Consistency in a Shared Data Base},
  booktitle = {Modelling in Data Base Management Systems, Proceeding of the {IFIP}
               Working Conference on Modelling in Data Base Management Systems, Freudenstadt,
               Germany, January 5-8, 1976},
  pages     = {365--394},
  publisher = {North-Holland},
  year      = {1976},
  timestamp = {Mon, 06 Nov 2017 16:35:11 +0100},
  biburl    = {https://dblp.org/rec/conf/ds/GrayLPT76.bib},
  bibsource = {dblp computer science bibliography, https://dblp.org}
}

@article{LockNoWait:journals/csur/BernsteinG81,
  author    = {Philip A. Bernstein and
               Nathan Goodman},
  title     = {Concurrency Control in Distributed Database Systems},
  journal   = {{ACM} Comput. Surv.},
  volume    = {13},
  number    = {2},
  pages     = {185--221},
  year      = {1981},
      timestamp = {Tue, 06 Nov 2018 12:50:47 +0100},
  biburl    = {https://dblp.org/rec/journals/csur/BernsteinG81.bib},
  bibsource = {dblp computer science bibliography, https://dblp.org}
}

@inproceedings{TPCC:conf/tpctc/NambiarWMTLCM11,
  author    = {Raghunath Othayoth Nambiar and
               Nicholas Wakou and
               Andrew Masland and
               Peter Thawley and
               Matthew Lanken and
               Forrest Carman and
               Michael Majdalany},
  editor    = {Raghunath Othayoth Nambiar and
               Meikel Poess},
  title     = {Shaping the Landscape of Industry Standard Benchmarks: Contributions
               of the Transaction Processing Performance Council {(TPC)}},
  booktitle = {Topics in Performance Evaluation, Measurement and Characterization
               - Third {TPC} Technology Conference, {TPCTC} 2011, Seattle, WA, USA,
               August 29-September 3, 2011, Revised Selected Papers},
  series    = {Lecture Notes in Computer Science},
  volume    = {7144},
  pages     = {1--9},
  publisher = {Springer},
  year      = {2011},
      timestamp = {Tue, 14 May 2019 10:00:46 +0200},
  biburl    = {https://dblp.org/rec/conf/tpctc/NambiarWMTLCM11.bib},
  bibsource = {dblp computer science bibliography, https://dblp.org}
}

@inproceedings{YCSB:conf/cloud/CooperSTRS10,
  author    = {Brian F. Cooper and
               Adam Silberstein and
               Erwin Tam and
               Raghu Ramakrishnan and
               Russell Sears},
  editor    = {Joseph M. Hellerstein and
               Surajit Chaudhuri and
               Mendel Rosenblum},
  title     = {Benchmarking cloud serving systems with {YCSB}},
  booktitle = {Proceedings of the 1st {ACM} Symposium on Cloud Computing, SoCC 2010,
               Indianapolis, Indiana, USA, June 10-11, 2010},
  pages     = {143--154},
  publisher = {{ACM}},
  year      = {2010},
      timestamp = {Tue, 06 Nov 2018 11:07:34 +0100},
  biburl    = {https://dblp.org/rec/conf/cloud/CooperSTRS10.bib},
  bibsource = {dblp computer science bibliography, https://dblp.org}
}

@inproceedings{Dependency:conf/sigmod/BilirisDGJR94,
  author    = {Alexandros Biliris and
               Shaul Dar and
               Narain H. Gehani and
               H. V. Jagadish and
               Krithi Ramamritham},
  editor    = {Richard T. Snodgrass and
               Marianne Winslett},
  title     = {{ASSET:} {A} System for Supporting Extended Transactions},
  booktitle = {Proceedings of the 1994 {ACM} {SIGMOD} International Conference on
               Management of Data, Minneapolis, Minnesota, USA, May 24-27, 1994},
  pages     = {44--54},
  publisher = {{ACM} Press},
  year      = {1994},
  doi       = {10.1145/191839.191848},
  timestamp = {Tue, 06 Nov 2018 11:07:39 +0100},
  biburl    = {https://dblp.org/rec/conf/sigmod/BilirisDGJR94.bib},
  bibsource = {dblp computer science bibliography, https://dblp.org}
}

@inproceedings{Dependency:conf/sigmod/ChrysanthisR90,
  author    = {Panos K. Chrysanthis and
               Krithi Ramamritham},
  editor    = {Hector Garcia{-}Molina and
               H. V. Jagadish},
  title     = {{ACTA:} {A} Framework for Specifying and Reasoning about Transaction
               Structure and Behavior},
  booktitle = {Proceedings of the 1990 {ACM} {SIGMOD} International Conference on
               Management of Data, Atlantic City, NJ, USA, May 23-25, 1990},
  pages     = {194--203},
  publisher = {{ACM} Press},
  year      = {1990},
  doi       = {10.1145/93597.98729},
  timestamp = {Tue, 06 Nov 2018 11:07:39 +0100},
  biburl    = {https://dblp.org/rec/conf/sigmod/ChrysanthisR90.bib},
  bibsource = {dblp computer science bibliography, https://dblp.org}
}

@article{Deadlock:journals/computer/Singhal89,
  author    = {Mukesh Singhal},
  title     = {Deadlock Detection in Distributed Systems},
  journal   = {Computer},
  volume    = {22},
  number    = {11},
  pages     = {37--48},
  year      = {1989},
  doi       = {10.1109/2.43525},
  timestamp = {Wed, 12 Aug 2020 10:29:46 +0200},
  biburl    = {https://dblp.org/rec/journals/computer/Singhal89.bib},
  bibsource = {dblp computer science bibliography, https://dblp.org}
}